@article{Lewis2000,
  title = {Direct search methods: then and now},
  volume = {124},
  ISSN = {0377-0427},
  url = {http://dx.doi.org/10.1016/S0377-0427(00)00423-4},
  DOI = {10.1016/s0377-0427(00)00423-4},
  number = {1–2},
  journal = {Journal of Computational and Applied Mathematics},
  publisher = {Elsevier BV},
  author = {Lewis,  Robert Michael and Torczon,  Virginia and Trosset,  Michael W.},
  year = {2000},
  month = dec,
  pages = {191–207}
}

@website{wikipedia_directsearch,
  title={Pattern search (optimization)},
  author={Wikipedia},
  year={2024},
  url={https://en.wikipedia.org/wiki/Pattern_search_(optimization)}
}

@article{Kolda2003,
  title = {Optimization by Direct Search: New Perspectives on Some Classical and Modern Methods},
  volume = {45},
  ISSN = {1095-7200},
  url = {http://dx.doi.org/10.1137/S003614450242889},
  DOI = {10.1137/s003614450242889},
  number = {3},
  journal = {SIAM Review},
  publisher = {Society for Industrial & Applied Mathematics (SIAM)},
  author = {Kolda,  Tamara G. and Lewis,  Robert Michael and Torczon,  Virginia},
  year = {2003},
  month = jan,
  pages = {385–482}
}

@misc{Lin2023,
  doi = {10.48550/ARXIV.2307.12551},
  url = {https://arxiv.org/abs/2307.12551},
  author = {Lin,  Xi and Yang,  Zhiyuan and Zhang,  Xiaoyuan and Zhang,  Qingfu},
  keywords = {Machine Learning (cs.LG),  Artificial Intelligence (cs.AI),  Neural and Evolutionary Computing (cs.NE),  FOS: Computer and information sciences,  FOS: Computer and information sciences},
  title = {Continuation Path Learning for Homotopy Optimization},
  publisher = {arXiv},
  year = {2023},
  copyright = {arXiv.org perpetual,  non-exclusive license}
}

@misc{Kaiming2015,
  doi = {10.48550/ARXIV.1512.03385},
  url = {https://arxiv.org/abs/1512.03385},
  author = {He,  Kaiming and Zhang,  Xiangyu and Ren,  Shaoqing and Sun,  Jian},
  keywords = {Computer Vision and Pattern Recognition (cs.CV),  FOS: Computer and information sciences,  FOS: Computer and information sciences},
  title = {Deep Residual Learning for Image Recognition},
  publisher = {arXiv},
  year = {2015},
  copyright = {arXiv.org perpetual,  non-exclusive license}
}