@mastersthesis{Brevik2017,
  author       = {Petter Brevik},
  title        = {Two-Axis Reaction Wheel Inverted Pendulum},
  school       = {Norwegian University of Science and Technology},
  year         = {2017},
  note         = {Supervisor: Tor Engebret Onshus},
  type         = {Master's thesis},
  url          = {https://ntnuopen.ntnu.no/ntnu-xmlui/bitstream/handle/11250/2451060/12762_FULLTEXT.pdf?sequence=1}
}

@article{Montoya2020,
  author = {Montoya, Oscar Danilo and Gil-Gonz{\'a}lez, Walter},
  title = {Nonlinear Analysis and Control of a Reaction Wheel Pendulum: Lyapunov-Based Approach},
  journal = {Engineering Science and Technology, an International Journal},
  volume = {23},
  number = {1},
  pages = {21--29},
  year = {2020},
  doi = {10.1016/j.jestch.2019.03.004},
  url = {https://doi.org/10.1016/j.jestch.2019.03.004}
}

@misc{Veng2023EulerLagrangeSolver,
  author = {Veng, Morten},
  title = {{Euler-Lagrange Solver}},
  howpublished = {MATLAB Central File Exchange},
  year = {2023},
  note = {Available online: \url{https://www.mathworks.com/matlabcentral/fileexchange/93275-euler-lagrange-solver}},
  url = {https://www.mathworks.com/matlabcentral/fileexchange/93275-euler-lagrange-solver},
  urldate = {2023-10-23}
}

@misc{berkeley2021designing,
  title        = {Designing Information Devices and Systems II},
  author       = {{University of California, Berkeley}},
  howpublished = {EECS Berkeley},
  year         = {2021},
  url          = {https://inst.eecs.berkeley.edu/~ee16b/sp21/notes/sp21/note15.pdf},
  note         = {Accessed: 2024-04-06}
}

@misc{caltech2002jacobian,
  title        = {Jacobian Linearization},
  author       = {{California Institute of Technology}},
  howpublished = {CDS Caltech},
  year         = {2002},
  url          = {https://www.cds.caltech.edu/~murray/courses/cds101/fa02/caltech/pph02-ch19-23.pdf},
  note         = {Accessed: 2024-04-06}
}

